 @misc{nakamoto_2008, title={Bitcoin: A peer-to-peer electronic cash system}, url={https://bitcoin.org/bitcoin.pdf}, author={Nakamoto, Satoshi}, year={2008}} 
 
 @misc{buterin_2014, title={Ethereum: A Next-Generation Smart Contract and Decentralized Application Platform}, url={https://ethereum.org/en/whitepaper/}, author={Buterin, Vitalik}, year={2014}} 

 @misc{certik_2019, title={The blockchain trilemma: Decentralized, scalable, and secure?}, url={https://medium.com/certik/the-blockchain-trilemma-decentralized-scalable-and-secure-e9d8c41a87b3}, author={CertiK}, year={2019}} 
 
 @misc{sekniqi_laine_buttolph_sirer_2020, title={Avalanche Platform Whitepaper}, url={https://www.avalabs.org/whitepapers}, author={Sekniqi, Kevin and Laine, Daniel and Buttolph, Stephen and Sirer, Emin Gun}, year={2020}} 
 
 @misc{binance_2020, title={Binance Smart Chain: A Parallel Binance Chain to Enable Smart Contracts}, url={https://github.com/binance-chain/whitepaper/blob/master/WHITEPAPER.md}, author={Binance}, year={2020}} 
 
 @misc{yakovenko, title={Solana: A new architecture for a high performance blockchain}, url={https://solana.com/solana-whitepaper.pdf}, author={Yakovenko, Anatoly}} 
 
 @misc{choi_park_nguyen_cronje_2018, title={Fantom: A scalable framework for asynchronous distributed systems}, url={https://arxiv.org/pdf/1810.10360.pdf}, author={Choi, Sang-Min and Park, Jiho and Nguyen, Quan and Cronje, Andre}, year={2018}} 
 
 @misc{harmony, title={Harmony: Technical Whitepaper}, url={https://harmony.one/whitepaper.pdf}, author={Harmony Team}} 
 
 @misc{cardano, title={Ouroboros: A Provably Secure Proof-of-Stake Blockchain Protocol}, url={https://eprint.iacr.org/2016/889.pdf}, author={Kiayias, Aggelos and Russell, Alexander and David, Bernardo and Oliynykov, Roman}, year={2019}} 
 
 @misc{cosmos, title={Cosmos: A Network of Distributed Ledgers}, url={https://github.com/cosmos/cosmos/blob/master/WHITEPAPER.md}, author={Kwon, Jae and Buchman, Ethan}, year={2016}} 

 @misc{wood, title={Polkadot: Vision for a heterogeneous multi-chain framework}, url={https://polkadot.network/PolkaDotPaper.pdf}, author={Wood, Gavin}} 
 
 @misc{buterin_2020, title={A Rollup-centric Ethereum Roadmap}, url={https://ethereum-magicians.org/t/a-rollup-centric-ethereum-roadmap/4698}, author={Buterin, Vitalik}, year={2020}} 
 
 @misc{buterin_2021, title={Why Sharding is great: Demystifying the technical properties}, url={https://vitalik.ca/general/2021/04/07/sharding.html}, author={Buterin, Vitalik}, year={2021}} 

 @misc{buterin_2021_2, title={An incomplete guide to Rollups}, url={https://vitalik.ca/general/2021/01/05/rollup.html}, author={Buterin, Vitalik}, year={2021}} 

 @misc{offchainlabs, title={Inside Arbitrum}, url={https://developer.offchainlabs.com/docs/inside_arbitrum}, author={OffchainLabs}} 
 
 @misc{optimism, title={Contract Overview}, url={https://community.optimism.io/docs/protocol/protocol-2.0.html}, author={Optimism}} 
 
 @misc{starkware, title={StarkNet and Cairo Documentation}, url={https://starknet.io/docs/}, author={StarkWare}} 
 
 @misc{zksync, title={Introduction to zkSync for Developers}, url={https://zksync.io/dev/}, author={zkSync}} 
 
 @mastersthesis{abrunhosa_2021, title={Migrating Smart Contracts Across Heterogeneous Blockchains}, school={Instituto Superior Técnico, Universidade de Lisboa}, author={Abrunhosa, Luís}, year={2021}}} 
 
 @article{szabo_1997, title={Formalizing and securing relationships on public networks}, volume={2}, DOI={10.5210/fm.v2i9.548}, number={9}, journal={First Monday}, author={Szabo, Nick}, year={1997}} 
 
 @misc{eip_721, title={EIP-721: Non-Fungible token standard}, url={https://eips.ethereum.org/EIPS/eip-721}, journal={Ethereum Improvement Proposals}, author={Entriken, William and Shirley, Dieter and Evans, Jacob and Sachs, Nastassia}, year={2018}} 
 
 @misc{eip_20, title={EIP-20: Token standard}, url={https://eips.ethereum.org/EIPS/eip-20}, journal={Ethereum Improvement Proposals}, author={Vogelsteller, Fabian and Buterin, Vitalik}, year={2015}} 
 
 @misc{ethereum_2021, title={Smart Contract Languages}, url={https://ethereum.org/en/developers/docs/smart-contracts/languages/}, journal={ethereum.org}, author={Ethereum}, year={2021}} 
 
 @misc{eth2, title={The Eth2 upgrades: Upgrading Ethereum to radical new heights}, url={https://ethereum.org/en/eth2/}, journal={ethereum.org}, author={Ethereum}} 
 
 @misc{lopp_2020, title={What are the key properties of Bitcoin?}, url={https://nakamoto.com/what-are-the-key-properties-of-bitcoin/}, journal={NAKAMOTO}, author={Lopp, Jameson}, year={2020}} 
 
 @misc{survey, title={A survey on blockchain interoperability: Past, present, and future trends}, url={https://arxiv.org/abs/2005.14282}, journal={arXiv.org}, author={Belchior, Rafael and Vasconcelos, André and Guerreiro, Sérgio and Correia, Miguel}, year={2020}} 

 @misc{video, title={Blockchains Privadas e Interoperabilidade}, url={https://www.youtube.com/watch?v=2IWrfgw-uiw}, journal={Youtube}, publisher={ CryptoCafe}, author={Belchior, Rafael}, year={2020}} 

 @misc{wikipedia_crypto, title={Cryptocurrency}, url={https://en.wikipedia.org/wiki/Cryptocurrency}, journal={Wikipedia}, author={Wikipedia}} 
 
 @misc{wikipedia_fiat, title={Fiat Money}, url={https://en.wikipedia.org/wiki/Fiat_money}, journal={Wikipedia}, author={Wikipedia}} 
 
 @misc{glassnode_btc, title={Bitcoin: Number of Transactions}, url={https://studio.glassnode.com/metrics?a=BTC&amp;category=Transactions&amp;m=transactions.Count}, author={Glassnode}} 
 
 @misc{glassnode_eth, title={Ethereum: Number of Transactions}, url={https://studio.glassnode.com/metrics?a=ETH&amp;category=Transactions&amp;m=transactions.Count}, author={Glassnode}} 
 
 @misc{fees, title={Crypto Fees}, url={https://cryptofees.info/}, journal={CryptoFees.info}, author={Mihal, David}} 
 
 @misc{movers, url={https://money-movers.info/}, journal={Money Movers}, author={Mihal, David}} 

 @misc{solidity, url={https://docs.soliditylang.org/en/v0.8.11/}, author={Solidity}}
 
 @misc{smartbugs, title={Smartbugs/dataset at master · smartbugs/smartbugs}, url={https://github.com/smartbugs/smartbugs/tree/master/dataset}, journal={GitHub}, author={Smartbugs}} 
 
 @misc{solidity_example, title={Solidity by Example}, url={https://solidity-by-example.org/}, author={Smart Contract Engineer}} 
 
 @misc{eip_1559, title={EIP-1559: Fee market change for ETH 1.0 chain}, url={https://eips.ethereum.org/EIPS/eip-1559}, journal={Ethereum Improvement Proposals}, author={Buterin, Vitalik and Conner, Eric and Dudley, Rick and Slipper, Matthew and Norden, Ian and Bakhta, Abdelhamid}, year={2019}} 

 @misc{hyperledger, title={Open Source Blockchain Technologies}, url={https://www.hyperledger.org/}, author={Hyperledger}} 
 
 @misc{besu, title={Hyperledger/Besu: An enterprise-grade java-based, Apache 2.0 licensed Ethereum Client}, url={https://github.com/hyperledger/besu/}, journal={GitHub}, author={Hyperledger}} 
 
 @misc{cactus, title={Hyperledger/cactus: Hyperledger cactus is a new approach to the blockchain interoperability problem}, url={https://github.com/hyperledger/cactus}, journal={GitHub}, author={Hyperledger}} 
 
 @misc{fabric, title={Hyperledger/fabric: Hyperledger fabric is an enterprise-grade permissioned distributed ledger framework for developing solutions and applications}, url={https://github.com/hyperledger/fabric}, journal={GitHub}, author={Hyperledger}} 
 
 @misc{quorum, title={Consensys/quorum: A permissioned implementation of Ethereum Supporting Data Privacy}, url={https://github.com/ConsenSys/quorum}, journal={GitHub}, author={ConsenSys}} 
 
 @misc{corda, title={Corda/Corda: Corda is an open source blockchain project, designed for business from the start}, url={https://github.com/corda/corda}, journal={GitHub}, author={Corda}} 
 
 @misc{hyperledgerlabs, title={Hyperledger-Labs/university-course: A Hyperledger lab focused developing materials for a university course}, url={https://github.com/hyperledger-labs/university-course}, journal={GitHub}, author={HyperledgerLabs}} 
 
 @misc{lafourcade_lombard-platet_2020, title={About blockchain interoperability}, url={https://eprint.iacr.org/2020/643.pdf}, author={Lafourcade, Pascal and Lombard-Platet, Marius}, year={2020}} 
 
 @misc{zamyatin_2019, title={Sok: Communication across distributed ledgers}, url={https://eprint.iacr.org/2019/1128.pdf}, author={Zamyatin, Alexei and Al-Bassam, Mustafa and Zindros, Dionysis and Kokoris-Kogias, Eleftherios and Moreno-Sanchez, Pedro and Kiayias, Aggelos and Knottenbelt, William J.}, year={2019}} 
 
 @misc{multichain_2020, title={Multichain is the ultimate Router for web3}, url={https://docs.multichain.org/}, author={Multichain}, year={2020}} 
 
 @misc{synapse_2021, title={Welcome to Synapse}, url={https://docs.synapseprotocol.com/}, author={Synapse }, year={2021}} 
 
 @misc{thorchain_2020, title={A Decentralised Liquidity Network}, url={https://github.com/thorchain/Resources/blob/master/Whitepapers/THORChain-Whitepaper-May2020.pdf}, author={THORChain}, year={2020}} 
 
 @misc{amm, title={What is an automated market maker?}, url={https://www.coindesk.com/learn/2021/08/20/what-is-an-automated-market-maker/}, publisher={CoinDesk}, author={Sergeenkov, Andrey}, year={2021}} 
 
 @misc{eth_sidechains, title={Sidechains}, url={https://ethereum.org/en/developers/docs/scaling/sidechains/}, author={Ethereum}} 
 
 @misc{eth_statechannels, title={State channels}, url={https://ethereum.org/en/developers/docs/scaling/state-channels/}, author={Ethereum}} 
 
 @misc{matic, title={Matic Whitepaper}, url={https://github.com/maticnetwork/whitepaper}, journal={GitHub}, author={Kanani, Jaynti and Nailwal, Sandeep and Arjun, Anurag}, year={2018}} 
 
 @misc{min_2019, title={Hash time locked contracts (htlcs) explained}, url={https://liquality.io/blog/hash-time-locked-contracts-htlcs-explained/}, publisher={Liquality Blog}, author={Min, Alex}, year={2019}} 
 
 @misc{band, title={BandChain Whitepaper}, url={https://docs.bandchain.org/whitepaper/}, author={BandProtocol}, year={2019}} 
 
 @misc{ccip, title={Introducing the cross-chain interoperability protocol (CCIP)}, url={https://blog.chain.link/introducing-the-cross-chain-interoperability-protocol-ccip/}, author={Chainlink}, year={2021}} 
 
 @misc{chainlink, title={Chainlink: A Decentralized Oracle Network}, url={https://research.chain.link/whitepaper-v1.pdf}, author={Ellis, Steve and Juels, Ari and Nazarov, Sergey}, year={2017}} 
 
 @misc{xrp, title={Analysis of the XRP Ledger Consensus Protocol}, url={https://arxiv.org/pdf/1802.07242.pdf}, author={Chase, Brad and MacBrough, Ethan}, year={2018}} 
 
 @misc{xrp_ilp, title={Implementing the Interledger Protocol in Ripple}, url={https://ripple.com/insights/views/implementing-the-interledger-protocol/}, journal={Ripple}, author={Ripple}, year={2015}} 
 
 @misc{bandara_xu_weber_2019, title={Patterns for Blockchain Data Migration}, url={https://arxiv.org/pdf/1906.00239.pdf}, author={Bandara, HMN Dilum and Xu, Xiwei and Weber, Ingo}, year={2019}} 
 
 @article{sol2js, title={Sol2js: Translating Solidity Contracts into Javascript for Hyperledger Fabric}, DOI={10.1145/3284764.3284768}, journal={Proceedings of the 2nd Workshop on Scalable and Resilient Infrastructures for Distributed Ledgers}, author={Zafar, Muhammad Ahmad and Sher, Falak and Janjua, Muhammad Umar and Baset, Salman}, year={2018}} 
 
 @misc{solidity2chaincode, title={Hyperledger-Labs/solidity2chaincode: This tool converts solidity contract into Javascript chaincode through source-to-source translation for running them onto Hyperledger fabric}, url={https://github.com/hyperledger-labs/solidity2chaincode}, journal={GitHub}, author={Hyperledger-Labs}} 
 
 @misc{openzeppelin, title={OpenZeppelin/openzeppelin-contracts: OpenZeppelin contracts is a library for secure smart contract development}, url={https://github.com/OpenZeppelin/openzeppelin-contracts}, journal={GitHub}, author={OpenZeppelin}} 